@unpublished{qiao2024,
  title = {Scalable and Distributed Individualized Treatment Rules for Massive Datasets},
  author = {Qiao, Nan and Li, Wangcheng and Zhang, Jingxiao and Chen, Canyi},
  year = {2024},
  note = {major revision at Biometrics},
author+an =	 {4=highlight,corresponding}
}


@unpublished{chen2024Unified,
  title = {A Unified and Efficient Algorithm for Penalized Convoluted Support Vector Machines},
  author = {Chen, Bingzhen and Chen, Canyi},
  year = {2024},
  note = {submitted},
 author+an =	 {2=highlight,corresponding}
}


@unpublished{chen2024Robust1bit,
  title = {Robust and Efficient Decoding from Heterogeneous 1-Bit Compressive Measurements over Networks},
  author = {Chen, Canyi and Zhu, Zhengtian and Zhu, Liping},
  year = {2024},
  note = {minor revision at Statistica Sinica},
author+an =	 {1=highlight,first;2=first;3=first,corresponding}
}







@unpublished{kundu2025multiMediators,
  title = {Statistical Inference for Causally Ordered Multiple Mediation Analysis},
  author = {Kundu, Ritoban and Canyi Chen and Song, Peter X.-K.},
  year = {2025},
author+an =	 {1=first;2=first,highlight;3=corresponding}
}

@unpublished{chen2025CoSEM,
  title = {Copula Structural Equation Models 
for Mediation Pathway Analysis},
  author = {Chen, Canyi and Kundu, Ritoban and Hao, Wei and  Song, Peter X.-K.},
  year = {2025},
note = {submitted},
author+an =	 {1=highlight}
}




@unpublished{chen2025SJS,
  title = {An Efficient Two-Way Cross Test for Mediation Effects with High Sensitivity to Weak Signals},
  author = {Chen, Canyi and Zhou, Ling and  Song, Peter X.-K.},
  year = {2025},
  note = {R\&R at BKA},
author+an =	 {1=highlight}
}


@unpublished{chen2025renewableJS,
  title = {Testing for Joint Significance Using the Renewable Estimating Function Theory},
  author = {Chen, Canyi and Zhou, Ling and  Song, Peter X.-K.},
  year = {2025},
author+an =	 {1=highlight}
}


@unpublished{zhang2025DC,
  title = {Divide-and-Conquer for Massive Data: Implementations and  Oracle Properties},
  author = {Zhang, Wen and Chen, Canyi and Zhu, Liping},
  year = {2025},
note = {submitted},
author+an =	 {1=first;2=first,highlight;3=corresponding}
}

@unpublished{chen2025DCseq,
  title = {Taking the Power of Distributed Systems: A Sequential Combination Method to Testing Joint Significance},
  author = {Chen, Canyi and Zhou, Ling and Song, Peter X.-K.},
  year = {2025},
author+an =	 {1=first,highlight;2=first;3=first,corresponding}
}

@unpublished{Al-Hinai2024VitaminD,
    author = {Al-Hinai, Maymona and Chen, Canyi and Jansen, Erica C. and Peterson, Karen E. and Song, Peter X.-K. and Baylin, Ana},
    title = {Vitamin D is Associated with Sleep Disturbance and Cognitive Function in Older Adults},
    year = {2024},
author+an =	 {2=highlight}
}

@unpublished{Chen2024QuantileMediation,
  title = {Quantile {{Mediation Analytics}}},
  author = {Chen, Canyi and He, Yinqiu and Wang, Huixia J. and Xu, Gongjun and Song, Peter X.-K.},
  year = {2024},
  month = dec,
  number = {arXiv:2412.15401},
  eprint = {2412.15401},
  primaryclass = {stat},
  publisher = {arXiv},
  archiveprefix = {arXiv},
  note = {submitted},
  author+an =	 {1=highlight;5=corresponding}
}

@unpublished{chen2022DistributedEstimationGap,
  title = {Distributed {{Estimation}} and {{Gap-Free Analysis}} of {{Canonical Correlations}}},
  author = {Chen, Canyi and Zhu, Liping},
  year = {2023},
  month = dec,
  number = {arXiv:2412.17792},
  eprint = {2412.17792},
  primaryclass = {stat},
  publisher = {arXiv},
  archiveprefix = {arXiv},
  note = {submitted},
author+an =	 {1=highlight;2=corresponding}
}


@unpublished{he2024GoodnessOfFitAssessment,
  title = {Partial Correlation Estimation and Inference with High-Dimensional Covariates: Methods and Validation},
  author = {He, Chenxuan and Chen, Canyi and Zhu, Liping},
  year = {2025},
  note = {submitted},
author+an =	 {1=first;2=first,highlight;3=corresponding}
}
