%% start of file `publications.bib'.
%% Copyright 2006-2012 Xavier Danaux (xdanaux at gmail.com).
%
% This work may be distributed and/or modified under the
% conditions of the LaTeX Project Public License version 1.3c,
% available at http://www.latex-project.org/lppl/.


@misc{chen2025FDR,
  title = {False Discovery Rate Control with Arbitarily  Dependent Covariates in High Dimensions},
  author = {Chen, Canyi and Zhao, Delin and Zhu, Zhengtian},
  year = {2025},
author+an =	 {1=highlight}
}

%% end of file `publications.bib'.
