@article{chen2022DistributedDecodingHeterogeneous,
  title = {Distributed {{Decoding from Heterogeneous}} 1-{{Bit Compressive Measurements}}},
  author = {Chen, Canyi and Zhu, Liping},
  year = {2022},
  month = aug,
  journal = {Journal of Computational and Graphical Statistics},
  volume = {0},
  number = {ja},
  pages = {1--25},
  publisher = {{Taylor \& Francis}},
  doi = {10.1080/10618600.2022.2118751}
}

@article{chen2022DistributedEstimationHeterogeneous,
  title = {Distributed Estimation in Heterogeneous Reduced Rank Regression: {{With}} Application to Order Determination in Sufficient Dimension Reduction},
  shorttitle = {Distributed Estimation in Heterogeneous Reduced Rank Regression},
  author = {Chen, Canyi and Xu, Wangli and Zhu, Liping},
  year = {2022},
  month = jul,
  journal = {Journal of Multivariate Analysis},
  volume = {190},
  pages = {104991},
  langid = {english},
  doi = {10.1016/j.jmva.2022.104991}
}

@article{chen2024DistributedSparseComposite,
  title = {Distributed {{Sparse Composite Quantile Regression}} in {{Ultrahigh Dimensions}}},
  author = {Chen, Canyi and Gu, Yuwen and Zou, Hui and Zhu, Liping},
  year = {2024},
  journal = {Statistica Sinica},
  doi = {10.5705/ss.202022.0095}
}

@article{zhang2022SlicedIndependenceTest,
  title = {Sliced {{Independence Test}}},
  author = {Zhang, Yilin and Chen, Canyi and Zhu, Liping},
  year = {2022},
  journal = {Statistica Sinica},
  doi = {10.5705/ss.202021.0203}
}

@article{Song2020,
    title={Assessing Effectiveness of Integrated Strategies for Preventing and Controlling the Outbreak of COVID-19 and Predicting Impact of Opening Exit Channels to Leave Hubei Province},
    author={Song, Pengfei and Chen, Canyi and Lou, Yuan and Jiang, Hui and Li, Weimin and Zhu, Liping},
    journal={Chinese Journal of Applied Probability and Statistics},
    year={2020},
    volume={36},
    number={3},
    pages={321-330},
    month={6},
    doi = {10.3969/j.issn.1001-4268.2020.03.007}
}


@article{he2022DistributedEstimationHigh,
  title = {Distributed Estimation of High-Dimensional Linear Quantile Regression},
  author = {He, Yiran and Chen, Canyi and Xu, Wangli},
  year = {2022},
  journal = {Statistics and Its Interface},
  note = {In press}
}

@article{chen2022ScalableGloballyConvergent,
  title = {Scalable and Globally Convergent Algorithm for Sufficient Dimension Reduction},
  author = {Chen, Canyi},
  year = {2023},
  journal = {Statistics and Its Interface},
  doi = {10.4310/23-SII798}
}

@article{chen2022FastOptimizationMethods,
  title = {Fast Optimization Methods for High-Dimensional Row-sparse Multivariate Quantile Linear Regression},
  author = {Chen, Bingzhen and Chen, Canyi},
  year = {2022},
  note = {Major revision at {\it Journal of Statistical Computation and Simulation}}
}


@article{chen2022RobustMultiTask,
  title = {Robust Multi-Task Learning in High Dimensions under Memory Constraint},
  author = {Chen, Canyi and Chen, Bingzhen and Kong, Lingchen and Zhu, Liping},
  year = {2023},
  note = {Submitted}
}


@article{chen2022DistributedEstimationGap,
  title = {Distributed Estimation and Gap-Free Analysis of Canonical Correlations},
  author = {Chen, Canyi and Zhu, Liping},
  year = {2023},
  note = {Submitted}
}


@article{chen2022DecentralizedDistributedEstimation,
  title = {Robust and Efficient Sparse Learning over Networks: A Decentralized Surrogate Composite Quantile Regression Approach},
  author = {Chen, Canyi},
  year = {2023},
  note = {Submitted}
}

@article{chen2022RobustFastLowRank,
  title = {Fast and Robust Low-Rank Learning over Networks: A Decentralized Matrix Quantile  Regression Approach},
  author = {Chen, Canyi},
  year = {2023},
  note = {Submitted}
}

@article{chen2022CommunicationEfficientDistributedSupportVectorMachine,
  title = {Convoluted Support Matrix Machine in High Dimensions},
  author = {Chen, Canyi and Chen, Bingzhen},
  year = {2023},
  note = {Under working}
}

